@book{wald,
    title={General Relativity},
    author={Wald, R.M.},
    isbn={9780226870328},
    lccn={83017969},
    url={https://books.google.com.br/books?id=ibSdQgAACAAJ},
    year={1984},
    publisher={University of Chicago Press}
}

@misc{carlip,
    title={Lectures in (2+1)-Dimensional Gravity}, 
    author={Steven Carlip},
    year={1995},
    eprint={gr-qc/9503024},
    archivePrefix={arXiv},
    primaryClass={gr-qc},
    url={https://arxiv.org/abs/gr-qc/9503024}, 
}

@article{witten1988,
    author = "Witten, Edward",
    title = "{(2+1)-Dimensional Gravity as an Exactly Soluble System}",
    reportNumber = "IASSNS-HEP-88-32",
    doi = "10.1016/0550-3213(88)90143-5",
    journal = "Nucl. Phys. B",
    volume = "311",
    pages = "46",
    year = "1988"
}

@misc{witten2007,
    title={Three-Dimensional Gravity Revisited}, 
    author={Edward Witten},
    year={2007},
    eprint={0706.3359},
    archivePrefix={arXiv},
    primaryClass={hep-th},
    url={https://arxiv.org/abs/0706.3359}, 
}