@book{dinverno,
  keywords = {book},
  title={Introducing Einstein's Relativity: A Deeper Understanding},
  author={Ray D'Inverno and James Vickers},
  year={2022},
  edition={2},
  publisher={Oxford University Press},
  isbn={9781108473224}
}

@book{sexl,
  keywords = {book},
  title={Relativity, Groups, Particles: Special Relativity and Relativistic Symmetry in Field and Particle Physics},
  author={Roman U. Sexl and Helmuth K. Urbantke},
  year={2000},
  edition={1},
  publisher={Springer},
  isbn={9781108473224}
}