@book{pathria,
  keywords = {book},
  title={Statistical Mechanics},
  author={R. K. Pathria and P. D. Beale},
  year={2022},
  edition={4},
  publisher={Elsevier Academic Press},
  isbn={9780081026922}
}
@book{kardar,
  keywords = {book},
  title={Statistical Physics of Particles},
  author={M. Kardar},
  year={2007},
  publisher={Cambridge University Press},
  isbn={9780521873420}
}