@book{goldstein,
  keywords = {book},
  title={Classical Mechanics},
  author={Herbert Goldstein and Charles Poole and John Safko},
  year={2001},
  edition={3},
  publisher={Pearson},
  isbn={9780201657029}
}