@book{polchinski:vol1,
    author = "Polchinski, J.",
    title = "{String theory. Vol. 1: An introduction to the bosonic string}",
    doi = "10.1017/CBO9780511816079",
    isbn = "978-0-511-25227-3, 978-0-521-67227-6, 978-0-521-63303-1",
    publisher = "Cambridge University Press",
    series = "Cambridge Monographs on Mathematical Physics",
    month = "12",
    year = "2007"
}

@book{polchinski:vol2,
    author = "Polchinski, J.",
    title = "{String theory. Vol. 2: Superstring theory and beyond}",
    doi = "10.1017/CBO9780511618123",
    isbn = "978-0-511-25228-0, 978-0-521-63304-8, 978-0-521-67228-3",
    publisher = "Cambridge University Press",
    series = "Cambridge Monographs on Mathematical Physics",
    month = "12",
    year = "2007"
}

@misc{witten:revisited,
    title={Superstring Perturbation Theory Revisited}, 
    author={Edward Witten},
    year={2023},
    eprint={1209.5461},
    archivePrefix={arXiv},
    primaryClass={hep-th},
    url={https://arxiv.org/abs/1209.5461}, 
}

@misc{witten:moduli,
    title={Notes On Super Riemann Surfaces And Their Moduli}, 
    author={Edward Witten},
    year={2017},
    eprint={1209.2459},
    archivePrefix={arXiv},
    primaryClass={hep-th},
    url={https://arxiv.org/abs/1209.2459}, 
}

@misc{witten:integration,
    title={Notes On Supermanifolds and Integration}, 
    author={Edward Witten},
    year={2016},
    eprint={1209.2199},
    archivePrefix={arXiv},
    primaryClass={hep-th},
    url={https://arxiv.org/abs/1209.2199}, 
}

@book{witten:vol1,
    author = "Green, Michael B. and Schwarz, John H. and Witten, Edward",
    title = "{Superstring Theory Vol. 1}: {25th Anniversary Edition}",
    doi = "10.1017/CBO9781139248563",
    isbn = "978-1-139-53477-2, 978-1-107-02911-8",
    publisher = "Cambridge University Press",
    series = "Cambridge Monographs on Mathematical Physics",
    month = "11",
    year = "2012"
}

@book{witten:vol2,
    author = "Green, Michael B. and Schwarz, John H. and Witten, Edward",
    title = "{Superstring Theory Vol. 2}: {25th Anniversary Edition}",
    doi = "10.1017/CBO9781139248570",
    isbn = "978-1-139-53478-9, 978-1-107-02913-2",
    publisher = "Cambridge University Press",
    series = "Cambridge Monographs on Mathematical Physics",
    month = "11",
    year = "2012"
}