@book{sakurai,
  keywords = {book},
  title={Modern Quantum Mechanics},
  author={J. J. Sakurai and Jim Napolitano},
  year={2007},
  edition={3},
  publisher={Cambridge University Press},
  isbn={9781108473224}
}
@book{weinberg,
  keywords = {book},
  title={Lectures on Quantum Mechanics},
  author={Steven Weinberg},
  year={2015},
  edition={2},
  publisher={Cambridge University Press},
  isbn={9781107111660}
}