@article{witten1988,
    author = "Witten, Edward",
    title = "{(2+1)-Dimensional Gravity as an Exactly Soluble System}",
    reportNumber = "IASSNS-HEP-88-32",
    doi = "10.1016/0550-3213(88)90143-5",
    journal = "Nucl. Phys. B",
    volume = "311",
    pages = "46",
    year = "1988"
}

@misc{witten2007,
    title={Three-Dimensional Gravity Revisited}, 
    author={Edward Witten},
    year={2007},
    eprint={0706.3359},
    archivePrefix={arXiv},
    primaryClass={hep-th},
    url={https://arxiv.org/abs/0706.3359}, 
}